@inproceedings{Burns:2012:IHS:2157136.2157199,
 author = {Burns, Richard and Pollock, Lori and Harvey, Terry},
 title = {Integrating hard and soft skills: software engineers serving middle school teachers},
 booktitle = {Proceedings of the 43rd ACM technical symposium on Computer Science Education},
 series = {SIGCSE '12},
 year = {2012},
 isbn = {978-1-4503-1098-7},
 location = {Raleigh, North Carolina, USA},
 pages = {209--214},
 numpages = {6},
 url = {http://doi.acm.org/10.1145/2157136.2157199},
 doi = {10.1145/2157136.2157199},
 acmid = {2157199},
 publisher = {ACM},
 address = {New York, NY, USA},
 keywords = {problem-based learning, reflective journaling, service learning, soft skills, software engineering, studio-based classroom},
} 